<?xml version="1.0" encoding="UTF-8"?><collection xmlns="http://www.loc.gov/MARC21/slim"><record><leader>00445nam--2200145-i-4500</leader><controlfield tag="001">000028512</controlfield><controlfield tag="002">20161230</controlfield><controlfield tag="005">20161230201037</controlfield><controlfield tag="008">060222s1000------------r-----000-0-eng-d</controlfield><datafield ind1=" " ind2=" " tag="080"><subfield code="a">517.985.5(082.1)</subfield></datafield><datafield ind1=" " ind2=" " tag="100"><subfield code="a">Langenbach, A</subfield></datafield><datafield ind1=" " ind2=" " tag="245"><subfield code="a">Monotone potentialoperatoren in theorie und anwendung. mit 4 abbildungen</subfield></datafield><datafield ind1=" " ind2=" " tag="260"><subfield code="a">Berlin, Veb Deutscher Verlag Dser Wissenschaften, 1976, 358p</subfield></datafield><datafield ind1=" " ind2=" " tag="852"><subfield code="a">45841</subfield><subfield code="c">517.9</subfield></datafield><datafield ind1=" " ind2=" " tag="CAT"><subfield code="a">Sys</subfield><subfield code="c">20081030</subfield><subfield code="h">083352</subfield></datafield></record></collection>